%YAML 1.1
%TAG !u! tag:unity3d.com,2011:
--- !u!243 &-8301804591480258880
AudioMixerGroupController:
  m_ObjectHideFlags: 0
  m_CorrespondingSourceObject: {fileID: 0}
  m_PrefabInstance: {fileID: 0}
  m_PrefabAsset: {fileID: 0}
  m_Name: Pericos
  m_AudioMixer: {fileID: 24100000}
  m_GroupID: 0e80e2863001bbc428874753531bc9b1
  m_Children: []
  m_Volume: ef6d9241654cd144fa76217fa8daca9b
  m_Pitch: 0ab8593add59afe4fa7fe18a93d40347
  m_Send: 00000000000000000000000000000000
  m_Effects:
  - {fileID: -5888536092103444818}
  m_UserColorIndex: 0
  m_Mute: 0
  m_Solo: 0
  m_BypassEffects: 0
--- !u!244 &-5888536092103444818
AudioMixerEffectController:
  m_ObjectHideFlags: 3
  m_CorrespondingSourceObject: {fileID: 0}
  m_PrefabInstance: {fileID: 0}
  m_PrefabAsset: {fileID: 0}
  m_Name: 
  m_EffectID: c6058f84ebf50b94e977c03bff8aa6fc
  m_EffectName: Attenuation
  m_MixLevel: f2915d8fe9987b04aa99c95cc57dcbe1
  m_Parameters: []
  m_SendTarget: {fileID: 0}
  m_EnableWetMix: 0
  m_Bypass: 0
--- !u!244 &-1847005463208583708
AudioMixerEffectController:
  m_ObjectHideFlags: 3
  m_CorrespondingSourceObject: {fileID: 0}
  m_PrefabInstance: {fileID: 0}
  m_PrefabAsset: {fileID: 0}
  m_Name: 
  m_EffectID: 86b41f4f194010545b7be809260c71ef
  m_EffectName: Attenuation
  m_MixLevel: b12b0c89152409a43b1cc1189f58c9a2
  m_Parameters: []
  m_SendTarget: {fileID: 0}
  m_EnableWetMix: 0
  m_Bypass: 0
--- !u!241 &24100000
AudioMixerController:
  m_ObjectHideFlags: 0
  m_CorrespondingSourceObject: {fileID: 0}
  m_PrefabInstance: {fileID: 0}
  m_PrefabAsset: {fileID: 0}
  m_Name: AudioMixer
  m_OutputGroup: {fileID: 0}
  m_MasterGroup: {fileID: 24300002}
  m_Snapshots:
  - {fileID: 24500006}
  m_StartSnapshot: {fileID: 24500006}
  m_SuspendThreshold: -80
  m_EnableSuspend: 1
  m_UpdateMode: 0
  m_ExposedParameters: []
  m_AudioMixerGroupViews:
  - guids:
    - c358fd50ca4cc8e4681f1199140603be
    - 0e80e2863001bbc428874753531bc9b1
    - d247482d1d5356c44ac03c1d4da0210a
    - 00fc155d3ae8b9f408bb44396386b0e0
    name: View
  m_CurrentViewIndex: 0
  m_TargetSnapshot: {fileID: 24500006}
--- !u!243 &24300002
AudioMixerGroupController:
  m_ObjectHideFlags: 0
  m_CorrespondingSourceObject: {fileID: 0}
  m_PrefabInstance: {fileID: 0}
  m_PrefabAsset: {fileID: 0}
  m_Name: Master
  m_AudioMixer: {fileID: 24100000}
  m_GroupID: c358fd50ca4cc8e4681f1199140603be
  m_Children:
  - {fileID: 1224860867556899730}
  - {fileID: -8301804591480258880}
  - {fileID: 3171797225706632829}
  m_Volume: c483e3d00d77a594491724a4722db60f
  m_Pitch: 22c1d27039b32db4fa0c89730f2c5b2a
  m_Send: 00000000000000000000000000000000
  m_Effects:
  - {fileID: 24400004}
  m_UserColorIndex: 0
  m_Mute: 0
  m_Solo: 0
  m_BypassEffects: 0
--- !u!244 &24400004
AudioMixerEffectController:
  m_ObjectHideFlags: 3
  m_CorrespondingSourceObject: {fileID: 0}
  m_PrefabInstance: {fileID: 0}
  m_PrefabAsset: {fileID: 0}
  m_Name: 
  m_EffectID: 2e19da4c97718924e848bfb162ea92e5
  m_EffectName: Attenuation
  m_MixLevel: 9b52c68c698849544843b5b23fa16936
  m_Parameters: []
  m_SendTarget: {fileID: 0}
  m_EnableWetMix: 0
  m_Bypass: 0
--- !u!245 &24500006
AudioMixerSnapshotController:
  m_ObjectHideFlags: 0
  m_CorrespondingSourceObject: {fileID: 0}
  m_PrefabInstance: {fileID: 0}
  m_PrefabAsset: {fileID: 0}
  m_Name: Snapshot
  m_AudioMixer: {fileID: 24100000}
  m_SnapshotID: b34caadcac0c191428790e0e07c63ea9
  m_FloatValues:
    a30ca2e03ffa9494f9581d6027b071d4: -10.345207
    ef6d9241654cd144fa76217fa8daca9b: 7.833429
  m_TransitionOverrides: {}
--- !u!243 &1224860867556899730
AudioMixerGroupController:
  m_ObjectHideFlags: 0
  m_CorrespondingSourceObject: {fileID: 0}
  m_PrefabInstance: {fileID: 0}
  m_PrefabAsset: {fileID: 0}
  m_Name: Audio
  m_AudioMixer: {fileID: 24100000}
  m_GroupID: d247482d1d5356c44ac03c1d4da0210a
  m_Children: []
  m_Volume: 2dda5548d064f3d4594695fc562569aa
  m_Pitch: e382c140372682f42b6e3c10c9b6f130
  m_Send: 00000000000000000000000000000000
  m_Effects:
  - {fileID: -1847005463208583708}
  m_UserColorIndex: 0
  m_Mute: 0
  m_Solo: 0
  m_BypassEffects: 0
--- !u!243 &3171797225706632829
AudioMixerGroupController:
  m_ObjectHideFlags: 0
  m_CorrespondingSourceObject: {fileID: 0}
  m_PrefabInstance: {fileID: 0}
  m_PrefabAsset: {fileID: 0}
  m_Name: Musica
  m_AudioMixer: {fileID: 24100000}
  m_GroupID: 00fc155d3ae8b9f408bb44396386b0e0
  m_Children: []
  m_Volume: a30ca2e03ffa9494f9581d6027b071d4
  m_Pitch: 1a9995834282d2c40a0f2dd71db7e36a
  m_Send: 00000000000000000000000000000000
  m_Effects:
  - {fileID: 4478424982455489674}
  m_UserColorIndex: 0
  m_Mute: 0
  m_Solo: 0
  m_BypassEffects: 0
--- !u!244 &4478424982455489674
AudioMixerEffectController:
  m_ObjectHideFlags: 3
  m_CorrespondingSourceObject: {fileID: 0}
  m_PrefabInstance: {fileID: 0}
  m_PrefabAsset: {fileID: 0}
  m_Name: 
  m_EffectID: dee9c200f469e24489c22da1b4f4b4fd
  m_EffectName: Attenuation
  m_MixLevel: cb2084fb8e4efa1438746533194e338b
  m_Parameters: []
  m_SendTarget: {fileID: 0}
  m_EnableWetMix: 0
  m_Bypass: 0
